@book{Os:92,
  author = {E. Ossa},
  title = {Topologie},
  series = {Vieweg-Studium; 42: Aufbaukurs Mathematik},
  publisher = {Vieweg},
  address = {Braunschweig/Wiesbaden},
  year = 1992}

@book{Scho:89,
  author = {E. Scholz},
  title = {Symmetrie, Gruppe, Dualität},
  series = {Science Network, Historical Studies},
  publisher = {Birkhäuser Verlag},
  address = {Basel},
  year = 1989}

@book{Art:89,
  author = {B. Artmann},
  title = {Lineare Algebra},
  series = {Birkhäuser Skripten},
  publisher = {Birkhäuser Verlag},
  address = {Basel},
  year = 1989}

@book{Ja:90,
  author = {K. Jänich},
  title = {Topologie, 3.Auflage},
  series = {Springer-Lehrbuch},
  publisher = {Springer Verlag},
  address = {Berlin Heidelberg},
  year = 1990}

@book{La:79,
  author = {S. Lang},
  title = {Algebraischen Strukturen},
  series = {Moderne Mathematik in elementarer Darstellung},
  publisher = {Vandenhoek \& Rubrecht},
  address = {Göttingen},
  year = 1979}

@book{Gr:67,
  author = {B. Grünbaum},
  title = {Convex Polytopes},
  series = {Pure and Applied Mathematics},
  publisher = {Interscience Publishers},
  address = {London, New York, Sydney},
  year = 1967}

@book{Bj:93,
  author = {A. Björner and M. Las Vergnas and B. Sturmfels and
            N. White and G. M. Ziegler},
  title = {Oriented Matroids},
  series = {Encyclopedia of Mathematics and its Applications},
  publisher = {Cambridge University Press},
  address = {Cambridge},
  year = 1993}

@book{HoWi:91,
  editor = {K.H. Hofmann and R. Wille},
  title = {Symmetry of discrete mathematical structures and their symmetry
           groups: A collection of essays},
  series = {Research and Exposition in Mathematics; 15},
  publisher = {Heldermann},
  address = {Berlin},
  year = 1991}

@incollection{Bo:91,
  author = {J. Bokowski},
  title = {On the geometric flat embedding of abstract complexes with
           symmetries},
  editor = {K.H. Hofmann and R. Wille},
  booktitle = {Symmetry of Discrete Mathematical Structures and their Symmetry
               Groups: A Collection of Essays},
  series = {Research and Exposition in Mathematics; 15},
  publisher = {Heldermann},
  address = {Berlin},
  year = 1991}

@incollection{Bo:93,
  author = {J. Bokowski},
  title = {Oriented matroids},
  editor = {P. Gruber and J.M. Wills},
  booktitle = {Handbook of Convex Geometry},
  publisher = {North Holland},
  address = {Netherlands},
  year = {1991/93}}

@phdthesis{Ce:93,
  author = {Davide P. Cervone},
  title = {Vertex-minimal immersions of simplicial surfaces into three-space},
  school = {Brown University, Rhodes Island},
  type = {{PhD} {D}issertation},
  address = {Department of Mathematics},
  month = may,
  year = 1993}

@phdthesis{Schu:92,
  author = {P. Schuchert},
  title = {Zur algorithmischen Anwendung kombinatorischer Geometrien},
  school = {Technische Hochschule Darmstadt},
  type = {Diplomarbeit},
  year = 1992,
  address = {Fachbereich Mathematik},
  month = sep}

@book{Aig:76,
  author = {M. Aigner},
  title = {Kombinatorik, Bd. I und II},
  series = {Hochschultext},
  publisher = {Springer Verlag},
  address = {Berlin Heidelberg New York},
  year = 1976}

@phdthesis{Dau:89,
  author = {R. Dauster},
  title = {Computeralgebraische Methoden bei Einbettungen symmetrischer Polyeder},
  school = {Technische Hochschule Darmstadt},
  type = {Diplomarbeit},
  year = 1989,
  address = {Fachbereich Mathematik},
  month = apr}

@article{BoOl:90,
  author = {J. Bokowski and A. de Oliveira},
  title = {Simplicial convex 4-polytopes do not have the isotopy property},
  journal = {Portugaliae Mathematica},
  volume = 47,
  pages = {309-318},
  number = {Fasc. 3},
  year = 1990}

@article{BoEwKl:84,
  author = {J. Bokowski and G. Ewald and P. Kleinschmidt},
  title = {On Combinatorical and Affine Automorphisms of Polytopes},
  journal = {Israel Journal of Mathematics},
  volume = 47,
  pages = {123-130},
  number = {2-3},
  year = 1984}

@article{BoEg:91,
  author = {J. Bokowski and A. Eggert},
  title = {All Realizations of {M}öbius' Torus with 7 Vertices},
  journal = {Topologie Structurale},
  volume = {},
  number = 17,
  pages = {59-78},
  year = 1991}

@book{Hof:91,
  author = {K.H. Hofmann},
  title = {Einführung in die Funktionalanalysis},
  series = {Vorlesungsmitschrift},
  publisher = {Fachbereich Mathematik},
  address = {TH Darmstadt},
  year = {WS 1991/92"}

@book{Kei:93,
  author = {K. Keimel},
  title = {Topologie},
  series = {Vorlesungsmitschrift},
  publisher = {Fachbereich Mathematik},
  address = {TH Darmstadt},
  year = {SS 1993"}

@book{Ru:91,
  author = {W. Rudin},
  title = {Functional Analysis},
  series = {International Series in Pure and Applied Mathematics},
  publisher = {McGraw Hill},
  address = {New York, London},
  year = 1991}

@techreport{Bo:86,
  author = {J. Bokowski},
  title = {A Geometric Realization for {D}yck's Regular Map does
           exist without Selfintersections},
  institution = {Fachbereich Mathematik},
  address = {Technische Hochschule Darmstadt},
  type = {Preprint},
  number = 1015,
  month = oct,
  year = 1986}

@booklet{BoWi:87,
  author = {J. Bokowski and J.M. Wills},
  title = {Regular Polyhedra with Hidden Symmetries},
  howpublished = {Math. Intelligencer 10(1),27-32},
  month = aug},
  year = 1987}

@book{Na:72,
  author = {J. Naas and H.L. Schmid},
  title = {Mathematisches Wörterbuch, Bd. I und II},
  publisher = {Teubner Verlag},
  address = {Berlin Stuttgart},
  year = 1972}

@book{Sed:91,
  author = {R. Sedgewick},
  title = {Algorithmen},
  publisher = {Addison-Wesley},
  address = {Bonn; München; Reading, Mass.},
  year = 1991}

@booklet{BoOlRi:91,
  author = {J. Bokowski and A. Guedes de Oliveira and J. Richter-Gebert},
  title = {Algebraic Varieties Characterizing Matroids and Oriented Matroids},
  howpublished = {Advances in Mathematics Vol.87,No.2},
  address = {Academic Press, New York, London},
  month = jun,
  year = 1991}
